<record><leader>00000cas a22000007a 4500</leader><controlfield tag="001">37440630</controlfield><controlfield tag="008">970808d199u200umtuwr n       0   a0eng c</controlfield><datafield ind1=" " ind2=" " tag="010"><subfield code="a">sn 97001797 </subfield></datafield><datafield ind1=" " ind2=" " tag="040"><subfield code="a">NSD</subfield><subfield code="b">eng</subfield><subfield code="c">NSD</subfield><subfield code="d">OCLCQ</subfield></datafield><datafield ind1=" " ind2=" " tag="012"><subfield code="l">1</subfield></datafield><datafield ind1="1" ind2=" " tag="022"><subfield code="a">1094-9755</subfield><subfield code="l">1094-9755</subfield><subfield code="2">1</subfield></datafield><datafield ind1=" " ind2=" " tag="037"><subfield code="b">Park County Weekly, PO Box 1077, 306 S. Main, Livingston, MT 59047</subfield></datafield><datafield ind1=" " ind2=" " tag="042"><subfield code="a">nsdp</subfield><subfield code="a">pcc</subfield></datafield><datafield ind1=" " ind2="4" tag="050"><subfield code="a">F737.P23</subfield><subfield code="b">P37</subfield></datafield><datafield ind1=" " ind2="0" tag="222"><subfield code="a">Park County weekly</subfield></datafield><datafield ind1="0" ind2="0" tag="245"><subfield code="a">Park County weekly.</subfield></datafield><datafield ind1=" " ind2=" " tag="260"><subfield code="a">Livingston, MT :</subfield><subfield code="b">Walker Communications</subfield></datafield><datafield ind1=" " ind2=" " tag="300"><subfield code="a">v.</subfield></datafield><datafield ind1=" " ind2=" " tag="310"><subfield code="a">Weekly</subfield></datafield><datafield ind1="1" ind2=" " tag="362"><subfield code="a">Ceased publication.</subfield></datafield><datafield ind1=" " ind2=" " tag="588"><subfield code="a">Description based on: Vol. 1, issue 47 (June 25, 1997).</subfield></datafield><datafield ind1=" " ind2=" " tag="752"><subfield code="a">United States</subfield><subfield code="b">Montana</subfield><subfield code="c">Park</subfield><subfield code="d">Livingston.</subfield></datafield><datafield ind1="1" ind2=" " tag="029"><subfield code="a">AU@</subfield><subfield code="b">000025424118</subfield></datafield></record>